@BOOK{mathtensor,
  author =	 {Leonard Parker and Steven M. Christensen},
  title =	 {MathTensor: a system for doing tensor analysis by
                  computer},
  publisher =	 {Addison-Wesley},
  year =	 1994,
  numpages =	 379,
  language =	 "english"
}

@BOOK{jones-fogelin:tcqd,
  ids          = {jones-fogelin_tcqd},
  title        = {The Twentieth Century to Quine and Derrida},
  author       = {Jones, W. T. and Fogelin, R. J.},
  isbn         = {9780155003798},
  lccn         = {96078916},
  series       = {A History of Western Philosophy},
  year         = {1997},
  publisher    = {Harcourt Brace College Publishers},
  language     = {english},
  langid       = {english},
}

@Article{Arduengo1991,
  hyphenation = {american},
  author      = {Arduengo, III, Anthony J. and Harlow,
    Richard L. and Kline, Michael},
  title       = {A stable crystalline carbene},
  journaltitle= {J.~Am. Chem. Soc.},
  date        = {1991},
  volume      = {113},
  pages       = {361-363},
  number      = {1},
  doi         = {10.1021/ja00001a054},
}

@Article{Booth1962,
  hyphenation  = {british},
  author       = {Booth, G. and Chatt, J.},
  title        = {The reactions of carbon monoxide and nitric
    oxide with tertiary phosphine complexes of iron({II}),
    cobalt({II}), and nickel({II})},
  journaltitle = {J.~Chem. Soc.},
  date         = {1962},
  pages        = {2099-2106},
  doi          = {10.1039/JR9620002099},
}

@InProceedings{Hope2005,
  hyphenation  = {american},
  author       = {Hope, E. and Bennett, J. and Stuart, A.},
  title        = {Fluorous zirconium phosphonates: novel
    inorganic supports for catalysis},
  booktitle    = {Pacifichem (International Chemical
    Congress of Pacific Basin Societies)},
  date         = {2005},
  number       = {961},
  venue        = {Hawaii, USA},
  organization = {Pacific Basin Chemical Societies}
}

@InBook{Muller2006,
  hyphenation   = {british},
  booktitle     = {Crystal Structure Refinement},
  booksubstitle = {A Crystallographer's Guide to SHELXL},
  bookauthor    = {M{\"u}ller, Peter and Herbst-Irmer, Regine
    and Spek, Anthony L. and Schneider, Thomas R. and Sawaya,
    Michael R.},
  publisher     = {International Union of Crystallography and
    Oxford University Press},
  location      = {Oxford, United Kingdom},
  year          = {2006},
  title         = {A Short History of SHELXL},
  author        = {Sheldrick, George M.}
}

%%% Local Variables:
%%% mode: bibtex
%%% coding: utf-8-unix
%%% End:
